@BOOK{assembly_intro,
    title         = "Introduction to assembly language programming",
    author        = "Dandamudi, Sivarama P",
    publisher     = "Springer",
    year          =  2014,
    address       = "New York, NY",
    options       = {skipbib=true}
}

@BOOK{ml_feature_engineering,
    title         = "Feature Engineering for Machine Learning: Principles and Techniques for Data Scientists",
    publisher     = "O'Reilly Media",
    author        = "Zheng, Alice",
    year          =  2018,
    options       = {skipbib=true}
}

@BOOK{hundred_page_ml,
    title         = "The Hundred-Page Machine Learning Book",
    author        = "Burkov, Andriy",
    year          =  2019
}

@BOOK{practical_malware_analysis,
    title         = "Practical Malware Analysis: The hands-on guide to dissecting
                     malicious software",
    author        = "Sikorski, Michael",
    publisher     = "No Starch Press",
    year          =  2012,
    address       = "San Francisco, CA"
}

@ARTICLE{ml_malware_survey,
    title         = "Survey of machine learning techniques for malware analysis",
    author        = "Ucci, Daniele and Aniello, Leonardo and Baldoni, Roberto",
    journal       = "Comput. Secur.",
    volume        =  81,
    year          =  2019
}

@ARTICLE{malware_dataset,
    title         = "Malware Detection PE-Based Analysis Using Deep Learning Algorithm Dataset",
    author        = "Anh Pham Tuan and An Tran Hung Phuong and Nguyen Vu Thanh and Toan Nguyen Van",
    year          = "2018",
    url           = "https://figshare.com/articles/dataset/Malware_Detection_PE-Based_Analysis_Using_Deep_Learning_Algorithm_Dataset/6635642",
    options       = {skipbib=true}
}

@ARTICLE{randep,
    title         = "Ransomware deployment methods and analysis: views from a
                     predictive model and human responses",
    author        = "Hull, Gavin and John, Henna and Arief, Budi",
    journal       = "Crime Sci.",
    volume        =  8,
    year          =  2019,
    options       = {skipbib=true}
}

@ARTICLE{entropy_analysis,
    title         = "Using Entropy Analysis to Find Encrypted and Packed Malware",
    author        = "Lyda, Robert and Hamrock, James",
    journal       = "IEEE Security Privacy",
    volume        =  5,
    year          =  2007,
    options       = {skipbib=true}
}

@MISC{dbir_2020,
    title         = "Data Breach Investigations Report",
    publisher     = "Verizon",
    year          =  2020,
    howpublished  = "\url{https://enterprise.verizon.com/resources/reports/2020/2020-data-breach-investigations-report.pdf}",
    options       = {skipbib=true}
}

@MISC{dbir_2021,
    title         = "Data Breach Investigations Report",
    publisher     = "Verizon",
    year          =  2021,
    howpublished  = "\url{https://enterprise.verizon.com/resources/reports/2021-data-breach-investigations-report.pdf}",
    options       = {skipbib=true}
}